
@Article{	  denicol2019,
  author	= {{Denicol}, Gabriel S. and {Moln{\'a}r}, Etele and {Niemi},
		  Harri and {Rischke}, Dirk H.},
  title		= "{Resistive dissipative magnetohydrodynamics from the
		  Boltzmann-Vlasov equation}",
  journal	= {\prd},
  year		= 2019,
  month		= mar,
  volume	= {99},
  number	= {5},
  eid		= {056017},
  pages		= {056017},
  doi		= {10.1103/PhysRevD.99.056017},
  archiveprefix	= {arXiv},
  eprint	= {1902.01699},
  primaryclass	= {nucl-th},
  adsurl	= {https://ui.adsabs.harvard.edu/abs/2019PhRvD..99e6017D}
}

@Article{	  most2022,
  author	= {{Most}, Elias R. and {Noronha}, Jorge and {Philippov},
		  Alexander A.},
  title		= "{Modelling general-relativistic plasmas with collisionless
		  moments and dissipative two-fluid magnetohydrodynamics}",
  journal	= {\mnras},
  year		= 2022,
  month		= aug,
  volume	= {514},
  number	= {4},
  pages		= {4989-5003},
  doi		= {10.1093/mnras/stac1435},
  archiveprefix	= {arXiv},
  eprint	= {2111.05752},
  primaryclass	= {astro-ph.HE},
  adsurl	= {https://ui.adsabs.harvard.edu/abs/2022MNRAS.514.4989M}
}
